@inproceedings{traum2015new,
  title={New Dimensions in Testimony: Digitally preserving a Holocaust survivor’s interactive storytelling},
  author={Traum, David and Jones, Andrew and Hays, Kia and Maio, Heather and Alexander, Oleg and Artstein, Ron and Debevec, Paul and Gainer, Alesia and Georgila, Kallirroi and Haase, Kathleen and others},
  booktitle={International Conference on Interactive Digital Storytelling},
  pages={269--281},
  year={2015},
  organization={Springer}
}
@InProceedings{buchin2010,
author="Buchin, Kevin
and van Kreveld, Marc
and Meijer, Henk
and Speckmann, Bettina
and Verbeek, Kevin",
editor="Eppstein, David
and Gansner, Emden R.",
title="On Planar Supports for Hypergraphs",
booktitle="Graph Drawing",
year="2010",
publisher="Springer Berlin Heidelberg",
address="Berlin, Heidelberg",
pages="345--356",
isbn="978-3-642-11805-0"
}
@article{hurtado2017,
title = "Colored spanning graphs for set visualization",
journal = "Computational Geometry",
volume = "68",
pages = "262 - 276",
year = "2018",
note = "Special Issue in Memory of Ferran Hurtado",
issn = "0925-7721",
doi = "https://doi.org/10.1016/j.comgeo.2017.06.006",
url = "http://www.sciencedirect.com/science/article/pii/S0925772117300585",
author = "Ferran Hurtado and Matias Korman and Marc van Kreveld and Maarten LÃ¶ffler and Vera SacristÃ¡n and Akiyoshi Shioura and Rodrigo I. Silveira and Bettina Speckmann and Takeshi Tokuyama",
keywords = "Minimum spanning tree, Colored point set, Set visualization, Approximation, Matroid intersection"
}
@ARTICLE{meulemans2013, 
author={W. Meulemans and N. H. Riche and B. Speckmann and B. Alper and T. Dwyer}, 
journal={IEEE Transactions on Visualization and Computer Graphics}, 
title={KelpFusion: A Hybrid Set Visualization Technique}, 
year={2013}, 
volume={19}, 
number={11}, 
pages={1846-1858}, 
keywords={data visualisation;set theory;trees (mathematics);Euler diagrams;KelpFusion;LineSets;bubble sets;continuous boundaries;convex hull;graph-based techniques;hull techniques;hybrid set visualization technique;kelp diagrams;line-based techniques;shortest-path graphs;spanning tree;Accuracy;Filling;Geometry;Resource management;Shape;Silicon;Visualization;Information visualization;visualization techniques and methodologies}, 
doi={10.1109/TVCG.2013.76}, 
ISSN={1077-2626}, 
month={Nov},}

@article{Chen2015,
author = {Jiehua Chen and Christian Komusiewicz and Rolf Niedermeier and Manuel Sorge and OndÅej SuchÃœ and Mathias Weller},
title = {Polynomial-Time Data Reduction for the Subset Interconnection Design Problem},
journal = {SIAM Journal on Discrete Mathematics},
volume = {29},
number = {1},
pages = {1-25},
year = {2015},
doi = {10.1137/140955057},
URL = {https://doi.org/10.1137/140955057},
eprint = {https://doi.org/10.1137/140955057}
}

@article{johnson1987,
author = {D. S. Johnson and H. O. Pollak},
title = {Hypergraph planarity and the complexity of drawing venn diagrams},
journal = {Journal of Graph Theory},
volume = {11},
number = {3},
pages = {309-325},
doi = {10.1002/jgt.3190110306},
url = {https://onlinelibrary.wiley.com/doi/abs/10.1002/jgt.3190110306},
eprint = {https://onlinelibrary.wiley.com/doi/pdf/10.1002/jgt.3190110306},
abstract = {Abstract We introduce two new notions of planarity for hypergraphs based on dual generalizations of the standard Venn diagram. These definitions are illustrated by results concerning the existence and nonexistence of such diagrams for certain classes of hypergraphs. We conclude by showing that the general problem of determining whether such diagrams exist is NPâcomplete.}
}

@article{abuali1996,
author = {N. Abuali, Faris and L. Wainwright, Roger and Schoenefeld, Dale},
year = {1996},
month = {03},
pages = {},
title = {Solving The Subset Interconnection Design Problem Using Genetic Algorithms}
}

@InProceedings{brandes2011,
author="Brandes, Ulrik
and Cornelsen, Sabine
and Pampel, Barbara
and Sallaberry, Arnaud",
editor="Iliopoulos, Costas S.
and Smyth, William F.",
title="Blocks of Hypergraphs",
booktitle="Combinatorial Algorithms",
year="2011",
publisher="Springer Berlin Heidelberg",
address="Berlin, Heidelberg",
pages="201--211",
isbn="978-3-642-19222-7"
}

@Article{mainali2018,
author="Mainali, Nischal
and Fan, Guyu
and Ray, Saurabh
and Huang, Alice",
title="The Saurabh Ray Capstone Group",
year="2018"
}

@Article{Korach2003,
author="Korach, Ephraim
and Stern, Michal",
title="The clustering matroid and the optimal clustering tree",
journal="Mathematical Programming",
year="2003",
month="Sep",
day="01",
volume="98",
number="1",
pages="385--414",
issn="1436-4646",
doi="10.1007/s10107-003-0410-x",
url="https://doi.org/10.1007/s10107-003-0410-x"
}

@article{Du1998,
title = "Approximations for subset interconnection designs",
journal = "Theoretical Computer Science",
volume = "207",
number = "1",
pages = "171 - 180",
year = "1998",
issn = "0304-3975",
doi = "https://doi.org/10.1016/S0304-3975(98)00062-0",
url = "http://www.sciencedirect.com/science/article/pii/S0304397598000620",
author = "Xiufeng Du and Weili Wu and Dean F. Kelley",
keywords = "Subset interconnection, Approximation, Performance ratio"
}

@phdthesis{tubingen2016,
    title    = "Schematics of Graphs and Hypergraphs",
    school   = {Universität Tübingen},
    author   = {Bruckdorfer, Till Martin},
    year     = {2016},
    doi = "http://dx.doi.org/10.15496/publikation-8904"
}

@inproceedings{Pyrga:2008:NEP:1377676.1377708,
 author = {Pyrga, Evangelia and Ray, Saurabh},
 title = {New Existence Proofs {$\epsilon$}-nets},
 booktitle = {Proceedings of the Twenty-fourth Annual Symposium on Computational Geometry},
 series = {SCG '08},
 year = {2008},
 isbn = {978-1-60558-071-5},
 location = {College Park, MD, USA},
 pages = {199--207},
 numpages = {9},
 url = {http://doi.acm.org/10.1145/1377676.1377708},
 doi = {10.1145/1377676.1377708},
 acmid = {1377708},
 publisher = {ACM},
 address = {New York, NY, USA},
 keywords = {discrete geometry, hitting sets, hypergraph transversals, strong {$\mu$}-nets},
} 


@article{Brightwell:doi:10.1137/0406017,
author = {Brightwell, G. and Scheinerman, E.},
title = {Representations of Planar Graphs},
journal = {SIAM Journal on Discrete Mathematics},
volume = {6},
number = {2},
pages = {214-229},
year = {1993},
doi = {10.1137/0406017},

URL = { 
        https://doi.org/10.1137/0406017
    
},
eprint = { 
        https://doi.org/10.1137/0406017
    
}

}


@misc{weisstein, title={Polyhedral Graph}, url={http://mathworld.wolfram.com/PolyhedralGraph.html}, journal={From Wolfram MathWorld--A Wolfram Web Resource}, author={Weisstein, Eric W.}}


@ARTICLE{Chamberlain:2017arXiv170510359C,
       author = {{Chamberlain}, Benjamin Paul and {Clough}, James and
         {Deisenroth}, Marc Peter},
        title = "{Neural Embeddings of Graphs in Hyperbolic Space}",
      journal = {arXiv e-prints},
     keywords = {Statistics - Machine Learning, Computer Science - Machine Learning},
         year = "2017",
        month = "May",
          eid = {arXiv:1705.10359},
        pages = {arXiv:1705.10359},
archivePrefix = {arXiv},
       eprint = {1705.10359},
 primaryClass = {stat.ML},
       adsurl = {https://ui.adsabs.harvard.edu/abs/2017arXiv170510359C},
      adsnote = {Provided by the SAO/NASA Astrophysics Data System}
}

@incollection{Nickel:NIPS2017_7213,
title = {Poincar\'{e} Embeddings for Learning Hierarchical Representations},
author = {Nickel, Maximillian and Kiela, Douwe},
booktitle = {Advances in Neural Information Processing Systems 30},
editor = {I. Guyon and U. V. Luxburg and S. Bengio and H. Wallach and R. Fergus and S. Vishwanathan and R. Garnett},
pages = {6338--6347},
year = {2017},
publisher = {Curran Associates, Inc.},
url = {http://papers.nips.cc/paper/7213-poincare-embeddings-for-learning-hierarchical-representations.pdf}
}
